@article{kabsch1983,
  title={Dictionary of protein secondary structure: pattern recognition of hydrogen-bonded and geometrical features},
  author={Kabsch, Wolfgang and Sander, Christian},
  journal={Biopolymers},
  volume={22},
  number={12},
  pages={2577--2637},
  year={1983},
  publisher={Wiley Online Library}
}


@article{kendrew1958three,
  title={A three-dimensional model of the myoglobin molecule obtained by x-ray analysis},
  author={Kendrew, John C and Bodo, G and Dintzis, Howard M and Parrish, RG and Wyckoff, Harold and Phillips, David C},
  journal={Nature},
  doi = {10.1038/181662a0},
  volume={181},
  number={4610},
  pages={662--666},
  year={1958},
  publisher={Springer}
}



