@article{Frishman1995,
  doi = {10.1002/prot.340230412},
  url = {https://doi.org/10.1002/prot.340230412},
  year  = {1995},
  month = {dec},
  publisher = {Wiley-Blackwell},
  volume = {23},
  number = {4},
  pages = {566--579},
  author = {Dmitrij Frishman and Patrick Argos},
  title = {Knowledge-based protein secondary structure assignment},
  journal = {Proteins: Structure,  Function,  and Genetics}
}
