@article{Martin2005,
  doi = {10.1186/1472-6807-5-17},
  url = {https://doi.org/10.1186/1472-6807-5-17},
  year  = {2005},
  publisher = {Springer Nature},
  volume = {5},
  number = {1},
  pages = {17},
  author = {Juliette Martin and Guillaume Letellier and Antoine Marin and Jean-Fran{\c{c}}ois Taly and Alexandre G de Brevern and Jean-Fran{\c{c}}ois Gibrat},
  journal = {{BMC} Structural Biology}
}
